<record><leader>00000cas a2200000 a 4500</leader><controlfield tag="001">9574087</controlfield><controlfield tag="008">830603d18971916ncudr ne      0    0eng c</controlfield><datafield ind1=" " ind2=" " tag="010"><subfield code="a">sn 83045671 </subfield></datafield><datafield ind1=" " ind2=" " tag="040"><subfield code="a">CRL</subfield><subfield code="b">eng</subfield><subfield code="c">CRL</subfield><subfield code="d">NPW</subfield><subfield code="d">DLC</subfield><subfield code="d">NVJ</subfield><subfield code="d">DLC</subfield><subfield code="d">FUG</subfield><subfield code="d">DLC</subfield><subfield code="d">OCLCQ</subfield><subfield code="d">OCLCF</subfield><subfield code="d">OCLCO</subfield><subfield code="d">CUS</subfield></datafield><datafield ind1=" " ind2=" " tag="042"><subfield code="a">pcc</subfield></datafield><datafield ind1=" " ind2=" " tag="043"><subfield code="a">n-us-nc</subfield></datafield><datafield ind1="0" ind2="0" tag="050"><subfield code="a">Newspaper</subfield></datafield><datafield ind1="1" ind2="4" tag="050"><subfield code="a">AN</subfield></datafield><datafield ind1="0" ind2=" " tag="130"><subfield code="a">Charlotte daily observer (Charlotte, N.C. : 1897)</subfield></datafield><datafield ind1="1" ind2="0" tag="245"><subfield code="a">Charlotte daily observer.</subfield></datafield><datafield ind1=" " ind2=" " tag="260"><subfield code="a">Charlotte, N.C. :</subfield><subfield code="b">J.P. Caldwell [and] D.A. Tompkins</subfield></datafield><datafield ind1=" " ind2=" " tag="300"><subfield code="a">v.</subfield></datafield><datafield ind1=" " ind2=" " tag="310"><subfield code="a">Daily</subfield></datafield><datafield ind1="0" ind2=" " tag="362"><subfield code="a">July 11, 1897-Apr. 2, 1916.</subfield></datafield><datafield ind1=" " ind2=" " tag="500"><subfield code="a">Democratic.</subfield></datafield><datafield ind1=" " ind2=" " tag="530"><subfield code="a">Also issued on microfilm from the Library of Congress, Photoduplication Services.</subfield></datafield><datafield ind1=" " ind2="0" tag="651"><subfield code="a">Charlotte (N.C.)</subfield><subfield code="v">Newspapers.</subfield></datafield><datafield ind1=" " ind2="7" tag="651"><subfield code="a">North Carolina</subfield><subfield code="z">Charlotte.</subfield><subfield code="2">fast</subfield><subfield code="0">(OCoLC)fst01204596</subfield></datafield><datafield ind1=" " ind2="7" tag="655"><subfield code="a">Newspapers.</subfield><subfield code="2">fast</subfield><subfield code="0">(OCoLC)fst01423814</subfield></datafield><datafield ind1=" " ind2=" " tag="752"><subfield code="a">United States</subfield><subfield code="b">North Carolina</subfield><subfield code="c">Mecklenburg</subfield><subfield code="d">Charlotte.</subfield></datafield><datafield ind1="1" ind2=" " tag="776"><subfield code="c">(Microfilm)</subfield><subfield code="d">Library of Congress</subfield><subfield code="w">(DLC)  2001229028</subfield><subfield code="w">(OCoLC)45989578</subfield></datafield><datafield ind1="0" ind2="0" tag="780"><subfield code="t">Daily Charlotte observer (Charlotte, N.C. : 1892)</subfield><subfield code="w">(DLC)sn 93065752</subfield></datafield><datafield ind1="0" ind2="0" tag="785"><subfield code="t">Charlotte observer (Charlotte, N.C. : 1916)</subfield><subfield code="w">(DLC)sn 83045511</subfield><subfield code="w">(OCoLC)9554626</subfield></datafield><datafield ind1="4" ind2="1" tag="856"><subfield code="3">07/11/1897 to 12/31/1900</subfield><subfield code="u">http://infoweb.newsbank.com/?db=EANX&amp;s_browseRef=decades/11260DC9BB798E30/all.xml</subfield></datafield><datafield ind1="1" ind2=" " tag="029"><subfield code="a">AU@</subfield><subfield code="b">000020418838</subfield></datafield></record>